@article{Johnson,
    author = {Edgar G. Johnson and Alfred O. Nier},
    title = {Angular Aberrations in Sector Shaped 
    Electromagnetic Lenses for Focusing Beams of Charged Particles},
    journal = {Physical Review},
    volume = {91},
    number = {1},
    month = {jul},
    year = {1953}
}

@misc{monsite,
  title        = {My website},
  howpublished = {\link{https://tugduallp.wordpress.com/}},
  month = {aout},
  year = {2021}
}

@misc{bcom,
  title        = {site web de b<>com},
  howpublished = {\link{https://b-com.com/}},
  month = {aout},
  year = {2021}
}

@inproceedings{colmapsfm,
    author={Sch\"{o}nberger, Johannes Lutz and Frahm, Jan-Michael},
    title={Structure-from-Motion Revisited},
    booktitle={Conference on Computer Vision and Pattern Recognition (CVPR)},
    year={2016},
}

@inproceedings{colmapmvs,
    author={Sch\"{o}nberger, Johannes Lutz and Zheng, Enliang and Pollefeys, Marc and Frahm, Jan-Michael},
    title={Pixelwise View Selection for Unstructured Multi-View Stereo},
    booktitle={European Conference on Computer Vision (ECCV)},
    year={2016},
}